@article{360survey,
  address    = {New York, NY, USA},
  articleno  = {256},
  author     = {Lewis, Noah and Bez, Jean Luca and Byna, Suren},
  doi        = {10.1145/3722215},
  issn       = {0360-0300},
  issue_date = {October 2025},
  journal    = {ACM Comput. Surv.},
  keywords   = {I/O access pattern, HPC I/O, storage, machine learning},
  month      = may,
  number     = {10},
  numpages   = {41},
  publisher  = {Association for Computing Machinery},
  title      = {I/O in Machine Learning Applications on HPC Systems: A 360-degree Survey},
  url        = {https://doi.org/10.1145/3722215},
  volume     = {57},
  year       = {2025}
}

@inproceedings{AcceleratingDL,
  address   = {Los Alamitos, CA, USA},
  author    = { Yang, Chih-Chieh and Cong, Guojing },
  booktitle = { 2019 IEEE 26th International Conference on High Performance Computing, Data, and Analytics (HiPC) },
  doi       = {10.1109/HiPC.2019.00037},
  issn      = {},
  keywords  = {Loading;Training;Distributed databases;Optimization;Computational modeling;Load modeling;Synchronization},
  month     = Dec,
  pages     = {235-245},
  publisher = {IEEE Computer Society},
  title     = {{ Accelerating Data Loading in Deep Neural Network Training }},
  url       = {https://doi.ieeecomputersociety.org/10.1109/HiPC.2019.00037},
  volume    = {},
  year      = {2019}
}

@article{BundleShuffle,
  author  = {Lee, Jeongha and Bahn, Hyokyung},
  doi     = {10.3390/app132212102},
  eid     = {12102},
  issn    = {2076-3417},
  journal = {Applied Sciences},
  number  = {22},
  title   = {Analyzing Data Reference Characteristics of Deep Learning Workloads for Improving Buffer Cache Performance},
  url     = {https://www.mdpi.com/2076-3417/13/22/12102},
  volume  = {13},
  year    = {2023}
}

@article{ScalableDL,
  address    = {New York, NY, USA},
  articleno  = {6},
  author     = {Pumma, Sarunya and Si, Min and Feng, Wu-Chun and Balaji, Pavan},
  doi        = {10.1145/3331526},
  issn       = {2329-4949},
  issue_date = {June 2019},
  journal    = {ACM Trans. Parallel Comput.},
  keywords   = {Caffe, I/O bottleneck, I/O in deep learning, LMDB, LMDBIO, Scalable deep learning, parallel I/O},
  month      = jul,
  number     = {2},
  numpages   = {34},
  publisher  = {Association for Computing Machinery},
  title      = {Scalable Deep Learning via I/O Analysis and Optimization},
  url        = {https://doi.org/10.1145/3331526},
  volume     = {6},
  year       = {2019}
}
